{
  "leader": "03394cam a2200469 i 4500",
  "fields": [
    {
      "001": "ocm00446779\\"
    },
    {
      "003": "OCoLC"
    },
    {
      "005": "20221221134027.0"
    },
    {
      "008": "720908s1972\\\\\\\\nyua\\\\\\\\\\bc\\\\\\000\\0\\eng\\\\"
    },
    {
      "010": {
        "ind1": "\\",
        "ind2": "\\",
        "subfields": [
          {
            "a": "   73164878 "
          }
        ]
      }
    },
    {
      "040": {
        "ind1": "\\",
        "ind2": "\\",
        "subfields": [
          {
            "a": "DLC"
          },
          {
            "b": "eng"
          },
          {
            "c": "DLC"
          },
          {
            "d": "MUQ"
          },
          {
            "d": "AU@"
          },
          {
            "d": "CRU"
          },
          {
            "d": "OCLCO"
          },
          {
            "d": "OCLCA"
          },
          {
            "d": "OCLCF"
          },
          {
            "d": "NJI"
          },
          {
            "d": "OCLCQ"
          },
          {
            "d": "CUT"
          },
          {
            "d": "OCLCO"
          },
          {
            "d": "OCLCQ"
          },
          {
            "d": "AVA"
          },
          {
            "d": "OCLCA"
          },
          {
            "d": "CAD"
          },
          {
            "d": "UKMGB"
          },
          {
            "d": "IAH"
          },
          {
            "d": "OCLCQ"
          },
          {
            "d": "OCLCO"
          },
          {
            "d": "JQF"
          },
          {
            "d": "YUS"
          }
        ]
      }
    },
    {
      "016": {
        "ind1": "7",
        "ind2": "\\",
        "subfields": [
          {
            "a": "008275453"
          },
          {
            "2": "Uk"
          }
        ]
      }
    },
    {
      "019": {
        "ind1": "\\",
        "ind2": "\\",
        "subfields": [
          {
            "a": "213573376"
          },
          {
            "a": "315698853"
          },
          {
            "a": "1008543543"
          },
          {
            "a": "1273735814"
          }
        ]
      }
    },
    {
      "020": {
        "ind1": "\\",
        "ind2": "\\",
        "subfields": [
          {
            "a": "0870703943"
          }
        ]
      }
    },
    {
      "020": {
        "ind1": "\\",
        "ind2": "\\",
        "subfields": [
          {
            "a": "9780870703942"
          }
        ]
      }
    },
    {
      "020": {
        "ind1": "\\",
        "ind2": "\\",
        "subfields": [
          {
            "a": "0870703935"
          },
          {
            "q": "(pbk.)"
          }
        ]
      }
    },
    {
      "020": {
        "ind1": "\\",
        "ind2": "\\",
        "subfields": [
          {
            "a": "9780870703935"
          },
          {
            "q": "(pbk.)"
          }
        ]
      }
    },
    {
      "035": {
        "ind1": "\\",
        "ind2": "\\",
        "subfields": [
          {
            "a": "(OCoLC)446779"
          },
          {
            "z": "(OCoLC)213573376"
          },
          {
            "z": "(OCoLC)315698853"
          },
          {
            "z": "(OCoLC)1008543543"
          },
          {
            "z": "(OCoLC)1273735814"
          }
        ]
      }
    },
    {
      "037": {
        "ind1": "\\",
        "ind2": "\\",
        "subfields": [
          {
            "a": "8693"
          },
          {
            "b": "Worldwide."
          }
        ]
      }
    },
    {
      "043": {
        "ind1": "\\",
        "ind2": "\\",
        "subfields": [
          {
            "a": "e-it---"
          }
        ]
      }
    },
    {
      "050": {
        "ind1": "\\",
        "ind2": "4",
        "subfields": [
          {
            "a": "TS79"
          },
          {
            "b": ".M87 1972"
          }
        ]
      }
    },
    {
      "082": {
        "ind1": "0",
        "ind2": "4",
        "subfields": [
          {
            "a": "745.20945"
          },
          {
            "b": "MUS"
          }
        ]
      }
    },
    {
      "110": {
        "ind1": "2",
        "ind2": "\\",
        "subfields": [
          {
            "a": "Museum of Modern Art (New York, N.Y.)"
          }
        ]
      }
    },
    {
      "245": {
        "ind1": "1",
        "ind2": "0",
        "subfields": [
          {
            "a": "Italy: the new domestic landscape :"
          },
          {
            "b": "achievements and problems of Italian design /"
          },
          {
            "c": "edited by Emilio Ambasz."
          }
        ]
      }
    },
    {
      "260": {
        "ind1": "\\",
        "ind2": "\\",
        "subfields": [
          {
            "a": "New York :"
          },
          {
            "b": "The Museum of Modern Art, New York in collaboration with Centrp Di, Florence,"
          },
          {
            "c": "[1972]"
          }
        ]
      }
    },
    {
      "300": {
        "ind1": "\\",
        "ind2": "\\",
        "subfields": [
          {
            "a": "430 pages :"
          },
          {
            "b": "illustrations ;"
          },
          {
            "c": "26 cm"
          }
        ]
      }
    },
    {
      "336": {
        "ind1": "\\",
        "ind2": "\\",
        "subfields": [
          {
            "a": "text"
          },
          {
            "b": "txt"
          },
          {
            "2": "rdacontent"
          }
        ]
      }
    },
    {
      "337": {
        "ind1": "\\",
        "ind2": "\\",
        "subfields": [
          {
            "a": "unmediated"
          },
          {
            "b": "n"
          },
          {
            "2": "rdamedia"
          }
        ]
      }
    },
    {
      "338": {
        "ind1": "\\",
        "ind2": "\\",
        "subfields": [
          {
            "a": "volume"
          },
          {
            "b": "nc"
          },
          {
            "2": "rdacarrier"
          }
        ]
      }
    },
    {
      "500": {
        "ind1": "\\",
        "ind2": "\\",
        "subfields": [
          {
            "a": "Exhibition shown at the Museum of Modern Art, New York, from May 26 to Sept. 11, 1972."
          }
        ]
      }
    },
    {
      "504": {
        "ind1": "\\",
        "ind2": "\\",
        "subfields": [
          {
            "a": "Includes bibliographical references."
          }
        ]
      }
    },
    {
      "530": {
        "ind1": "\\",
        "ind2": "\\",
        "subfields": [
          {
            "a": "Also issued online."
          }
        ]
      }
    },
    {
      "505": {
        "ind1": "0",
        "ind2": "\\",
        "subfields": [
          {
            "a": "Introduction / Emilio Ambasz -- Objects. Objects selected for their formal and technical means ; Objects selected for their sociocultural implications ; Objects selected for their implications of more flexible patterns of use and arrangement -- Environments. Introduction ; Design program ; Design as postulation: Gae Aulenti ; Ettore Sottsass, Jr. ; Joe Colombo ; Alberto Rosselli ; Marco Zanuso and Richard Sapper ; Mario Bellini -- Design as commentary: Gaetano Pesce -- Counterdesign as postulation: Ugo la Pietra ; Archizoom ; Superstudio ; Gruppo Strum ; Enzo Mari -- Winners of the competition for young designers: Gianantonio Mari ; Group 9999 -- Historical articles. Introduction ; Art Nouveau in Italy / Paolo Portoghesi ; The Futurist construction of the universe / Maurizio Fagiolo dell'Arco ; The beginning of modern research, 1930-1940 / Leonardo Benevolo ; Italian design 1945-1971 / Vittorio Gregotti -- Critical articles. Introduction ; Italian design in relation to social and economic planning / Ruggero Cominotti ; Housing policy and the goals of design in Italy / Italo Insolera ; Ideological development in the thought and imagery of Italian design / Giulio Carlo Argan ; The land of good design / Alessandro Mendini ; Radical architecture / Germano Celant ; Design and technological utopia / Manfredo Tafuri ; A design for new behaviors / Filiberto Menna -- Summary / Emilio Ambasz."
          }
        ]
      }
    },
    {
      "650": {
        "ind1": "\\",
        "ind2": "0",
        "subfields": [
          {
            "a": "Industrial design"
          },
          {
            "z": "Italy."
          }
        ]
      }
    },
    {
      "650": {
        "ind1": "\\",
        "ind2": "7",
        "subfields": [
          {
            "a": "Industrial design."
          },
          {
            "2": "fast"
          },
          {
            "0": "(OCoLC)fst01730190"
          }
        ]
      }
    },
    {
      "651": {
        "ind1": "\\",
        "ind2": "7",
        "subfields": [
          {
            "a": "Italy."
          },
          {
            "2": "fast"
          },
          {
            "0": "(OCoLC)fst01204565"
          }
        ]
      }
    },
    {
      "655": {
        "ind1": "\\",
        "ind2": "7",
        "subfields": [
          {
            "a": "Catalogs."
          },
          {
            "2": "lcgft"
          }
        ]
      }
    },
    {
      "700": {
        "ind1": "1",
        "ind2": "\\",
        "subfields": [
          {
            "a": "Ambasz, Emilio,"
          },
          {
            "e": "editor."
          }
        ]
      }
    },
    {
      "776": {
        "ind1": "0",
        "ind2": "8",
        "subfields": [
          {
            "i": "Online version:"
          },
          {
            "a": "Museum of Modern Art (New York, N.Y.)."
          },
          {
            "t": "Italy: the new domestic landscape."
          },
          {
            "d": "New York; Distributed by New York Graphic Society, Greenwich, Conn. [1972]"
          },
          {
            "w": "(OCoLC)572178136"
          }
        ]
      }
    },
    {
      "994": {
        "ind1": "\\",
        "ind2": "\\",
        "subfields": [
          {
            "a": "Z0"
          },
          {
            "b": "NYRVC"
          }
        ]
      }
    },
    {
      "948": {
        "ind1": "\\",
        "ind2": "\\",
        "subfields": [
          {
            "h": "NO HOLDINGS IN NYRVC - 593 OTHER HOLDINGS"
          }
        ]
      }
    },
    {
      "999": {
        "ind1": "\\",
        "ind2": "\\",
        "subfields": [
          {
            "a": "00000000010541"
          }
        ]
      }
    }
  ]
}